<?xml version="1.0" encoding="UTF-8"?>
<collection xmlns:xsi="http://www.w3.org/2001/XMLSchema-instance" xsi:schemaLocation="http://www.loc.gov/MARC21/slim http://www.loc.gov/standards/marcxml/schema/MARC21slim.xsd" xmlns="http://www.loc.gov/MARC21/slim">
<record>
  <leader>00800cam a22002051  4500</leader>
  <controlfield tag="001">3121195</controlfield>
  <controlfield tag="003">NNC</controlfield>
  <controlfield tag="005">20121018202633.0</controlfield>
  <controlfield tag="008">011023s1909    ua            000 0 ara d</controlfield>
  <datafield tag="035" ind1=" " ind2=" ">
    <subfield code="a">(OCoLC)ocm48196446</subfield>
  </datafield>
  <datafield tag="035" ind1=" " ind2=" ">
    <subfield code="9">ATV3413CU</subfield>
  </datafield>
  <datafield tag="035" ind1=" " ind2=" ">
    <subfield code="a">(NNC)3121195</subfield>
  </datafield>
  <datafield tag="040" ind1=" " ind2=" ">
    <subfield code="a">ZCU</subfield>
    <subfield code="c">ZCU</subfield>
  </datafield>
  <datafield tag="099" ind1=" " ind2=" ">
    <subfield code="a">893.7K84</subfield>
    <subfield code="a">DI95</subfield>
  </datafield>
  <datafield tag="100" ind1="1" ind2=" ">
    <subfield code="a">Ibn Qayyim al-Jawzīyah, Muḥammad ibn Abī Bakr,</subfield>
    <subfield code="d">1292-1350.</subfield>
  </datafield>
  <datafield tag="240" ind1="1" ind2="0">
    <subfield code="a">Fawāʼid</subfield>
  </datafield>
  <datafield tag="245" ind1="1" ind2="0">
    <subfield code="a">Kitāb al-fawāʾid al-mushawwiq ilā ʻulūm al-Qurʾān wa-ʻilm al-bayān,</subfield>
    <subfield code="c">taʾlīf Shams-al-Dīn Abī ʻAbd-Allāh Muḥammad al-maʻrūf bi Ibn Qaiyim al-Jauzīyah. ʻUniya bitaṣḥīḥihi al-Saiyid Muḥammad Badr-al-Dīn al-Naʻsānī.</subfield>
  </datafield>
  <datafield tag="260" ind1=" " ind2=" ">
    <subfield code="a">Miṣr,</subfield>
    <subfield code="b">Muḥammad Amīn al-Khānjī,</subfield>
    <subfield code="c">1327 [1909]</subfield>
  </datafield>
  <datafield tag="300" ind1=" " ind2=" ">
    <subfield code="a">266 p.</subfield>
  </datafield>
  <datafield tag="955" ind1=" " ind2=" ">
    <subfield code="b">CU58923357</subfield>
    <subfield code="d">off,glx</subfield>
    <subfield code="e">893.7K84 DI95</subfield>
  </datafield>
</record>
</collection>